<record><leader>00000cas a2200000 a 4500</leader><controlfield tag="001">22455299</controlfield><controlfield tag="008">901001d18781878coudn ne      0    0eng c</controlfield><datafield ind1=" " ind2=" " tag="010"><subfield code="a">sn 90051744 </subfield></datafield><datafield ind1=" " ind2=" " tag="040"><subfield code="a">CNQ</subfield><subfield code="b">eng</subfield><subfield code="c">CNQ</subfield><subfield code="d">CRL</subfield><subfield code="d">DLC</subfield><subfield code="d">CUI</subfield><subfield code="d">DLC</subfield><subfield code="d">OCLCQ</subfield><subfield code="d">OCLCF</subfield></datafield><datafield ind1="1" ind2=" " tag="029"><subfield code="a">AU@</subfield><subfield code="b">000020629267</subfield></datafield><datafield ind1=" " ind2=" " tag="042"><subfield code="a">pcc</subfield></datafield><datafield ind1=" " ind2=" " tag="043"><subfield code="a">n-us-co</subfield></datafield><datafield ind1=" " ind2="4" tag="050"><subfield code="a">AN</subfield></datafield><datafield ind1="0" ind2="0" tag="245"><subfield code="a">Daily Central register.</subfield></datafield><datafield ind1="1" ind2="7" tag="246"><subfield code="a">Daily register</subfield></datafield><datafield ind1=" " ind2=" " tag="260"><subfield code="a">Central City, Colo. :</subfield><subfield code="b">H.M. Rhoads,</subfield><subfield code="c">1878-</subfield></datafield><datafield ind1=" " ind2=" " tag="300"><subfield code="a">v.</subfield></datafield><datafield ind1=" " ind2=" " tag="310"><subfield code="a">Daily (except Sun.)</subfield></datafield><datafield ind1="0" ind2=" " tag="362"><subfield code="a">Vol. 16, no. 132 (Feb. 4, 1878)-</subfield></datafield><datafield ind1="1" ind2=" " tag="362"><subfield code="a">Ceased in May 1878.</subfield></datafield><datafield ind1=" " ind2=" " tag="530"><subfield code="a">Also issued on microfilm from Denver Public Library.</subfield></datafield><datafield ind1=" " ind2=" " tag="588"><subfield code="a">Latest issue consulted: Vol. 16, no. 226 (May 24, 1878).</subfield></datafield><datafield ind1=" " ind2="0" tag="651"><subfield code="a">Central City (Colo.)</subfield><subfield code="v">Newspapers.</subfield></datafield><datafield ind1=" " ind2="0" tag="651"><subfield code="a">Gilpin County (Colo.)</subfield><subfield code="v">Newspapers.</subfield></datafield><datafield ind1=" " ind2="7" tag="655"><subfield code="a">Newspapers.</subfield><subfield code="2">fast</subfield><subfield code="0">(OCoLC)fst01423814</subfield></datafield><datafield ind1=" " ind2="7" tag="651"><subfield code="a">Colorado</subfield><subfield code="z">Central City.</subfield><subfield code="2">fast</subfield><subfield code="0">(OCoLC)fst01217417</subfield></datafield><datafield ind1=" " ind2="7" tag="651"><subfield code="a">Colorado</subfield><subfield code="z">Gilpin County.</subfield><subfield code="2">fast</subfield><subfield code="0">(OCoLC)fst01230153</subfield></datafield><datafield ind1=" " ind2=" " tag="752"><subfield code="a">United States</subfield><subfield code="b">Colorado</subfield><subfield code="c">Gilpin</subfield><subfield code="d">Central City.</subfield></datafield><datafield ind1="1" ind2=" " tag="775"><subfield code="t">Central City weekly register</subfield><subfield code="w">(DLC)sn 84022256</subfield><subfield code="w">(OCoLC)10331782</subfield></datafield><datafield ind1="0" ind2="0" tag="780"><subfield code="t">Daily register (Central City, Colo.)</subfield><subfield code="w">(DLC)sn 90051740</subfield><subfield code="w">(OCoLC)22449215</subfield></datafield><datafield ind1="0" ind2="7" tag="785"><subfield code="t">Evening call (Central City, Colo.)</subfield><subfield code="w">(DLC)sn 90051523</subfield><subfield code="w">(OCoLC)22195764</subfield></datafield><datafield ind1="0" ind2="7" tag="785"><subfield code="t">Daily register-call</subfield><subfield code="w">(DLC)sn 85067319</subfield><subfield code="w">(OCoLC)13165779</subfield></datafield></record>